<?xml version="1.0" encoding="UTF-8"?><record xmlns="http://www.loc.gov/MARC21/slim" xmlns:cinclude="http://apache.org/cocoon/include/1.0" xmlns:zs="http://www.loc.gov/zing/srw/">
  <leader>00472cz  a2200145n  4500</leader>
  <controlfield tag="001">n  87919518 </controlfield>
  <controlfield tag="003">DLC</controlfield>
  <controlfield tag="005">20050624052050.0</controlfield>
  <controlfield tag="008">880106n| acannaabn          |n aaa      </controlfield>
  <datafield tag="010" ind1=" " ind2=" ">
    <subfield code="a">n  87919518 </subfield>
  </datafield>
  <datafield tag="035" ind1=" " ind2=" ">
    <subfield code="a">(OCoLC)oca02176868</subfield>
  </datafield>
  <datafield tag="040" ind1=" " ind2=" ">
    <subfield code="a">DLC</subfield>
    <subfield code="b">eng</subfield>
    <subfield code="c">DLC</subfield>
    <subfield code="d">DLC</subfield>
    <subfield code="d">WaElC</subfield>
  </datafield>
  <datafield tag="100" ind1="1" ind2=" ">
    <subfield code="a">Frykman, George A.,</subfield>
    <subfield code="d">1917-</subfield>
  </datafield>
  <datafield tag="670" ind1=" " ind2=" ">
    <subfield code="a">The Changing Pacific Northwest, 1987:</subfield>
    <subfield code="b">CIP t.p. (George A. Frykman) data sheet (4/30/17)</subfield>
  </datafield>
  <datafield tag="670" ind1=" " ind2=" ">
    <subfield code="a">WaElc files</subfield>
    <subfield code="b">(George Axel Frykman; d. Dec. 30, 2004)</subfield>
  </datafield>
</record>